% proposal.bib
@electronic{report:wordsearch,
title="Word Search - Puzzlemaker - Discovery Education",
url="puzzlemaker.discoveryeducation.com/WordSearchSetupForm.asp"
}

@electronic{report:hashcat,
title="oclHashcat---advanced password recovery",
url="http://hashcat.net/oclhashcat/"
}

@electronic{report:pytetris,
author="Jan Bodnar",
title="The Tetris game in wxPython",
url="http://zetcode.com/wxpython/thetetrisgame/",
year="2007",
month="November"
}

@article{report:graph2phone,
 author = {Bisani, Maximilian and Ney, Hermann},
 title = {Joint-sequence Models for Grapheme-to-phoneme Conversion},
 journal = {Speech Commun.},
 issue_date = {May, 2008},
 volume = {50},
 number = {5},
 month = may,
 year = {2008},
 issn = {0167-6393},
 pages = {434--451},
 numpages = {18},
 url = {http://dx.doi.org/10.1016/j.specom.2008.01.002},
 doi = {10.1016/j.specom.2008.01.002},
 acmid = {1355046},
 publisher = {Elsevier Science Publishers B. V.},
 address = {Amsterdam, The Netherlands, The Netherlands},
 keywords = {Grapheme-to-phoneme, Joint-sequence model, Letter-to-sound, Phonemic transcription, Pronunciation modeling},
} 

@inproceedings{report:surpass,
 author = {Huh, Jun Ho and Oh, Seongyeol and Kim, Hyoungshick and Beznosov, Konstantin and Mohan, Apurva and Rajagopalan, S. Raj},
 title = {Surpass: System-initiated User-replaceable Passwords},
 booktitle = {Proceedings of the 22Nd ACM SIGSAC Conference on Computer and Communications Security},
 series = {CCS '15},
 year = {2015},
 isbn = {978-1-4503-3832-5},
 location = {Denver, Colorado, USA},
 pages = {170--181},
 numpages = {12},
 url = {http://doi.acm.org/10.1145/2810103.2813622},
 doi = {10.1145/2810103.2813622},
 acmid = {2813622},
 publisher = {ACM},
 address = {New York, NY, USA},
 keywords = {passwords, policy, security, usability},
} 

@electronic{report:mnemonic,
  author        = "Sundararaman Jeyaraman and Umut Topkara",
  title         = "Have the cake and eat it too -- Infusing usability into text-password based authentication systems",
  url           = "https://www.acsac.org/2005/papers/198.pdf",
  year          = "2005"
}

@inproceedings{report:mnemonicanalysis,
 author = {Kuo, Cynthia and Romanosky, Sasha and Cranor, Lorrie Faith},
 title = {Human Selection of Mnemonic Phrase-based Passwords},
 booktitle = {Proceedings of the Second Symposium on Usable Privacy and Security},
 series = {SOUPS '06},
 year = {2006},
 isbn = {1-59593-448-0},
 location = {Pittsburgh, Pennsylvania, USA},
 pages = {67--78},
 numpages = {12},
 url = {http://doi.acm.org/10.1145/1143120.1143129},
 doi = {10.1145/1143120.1143129},
 acmid = {1143129},
 publisher = {ACM},
 address = {New York, NY, USA},
 keywords = {mnemonic phrases, password cracking, password selection, user studies},
} 

@electronic{report:phonemes,
  author        = "{Shing-hon} Lau and Stephen Siena and Ashutosh Pandey and Sroaj Sosothikul and Lorrie Cranor and Blase Ur and Richard Shay",
  title         = "Exploring the Usability of Pronounceable Passwords",
  url           = "https://cups.cs.cmu.edu/soups/2014/posters/soups2014_posters-paper24.pdf",
  month         = jul,
  year          = "2014"
} 

@electronic{report:CMUPD,
  author = "Robert L. Weide",
  title = "The CMU Pronouncing Dictionary",
  url = "http://www.speech.cs.cmu.edu/cgi-bin/cmudict"
}

@electronic{report:prounounceability,
  author        = "Andrew M. White and Fabian Monrose and Katherine Shaw and Elliot Moreton",
  title         = "Isnâ€™t that Fantabulous: Security, Linguistic and Usability Challenges of Pronounceable Tokens",
  url           = "http://dl.acm.org/citation.cfm?id=2683470",
  year          = "2014"
}

